<?xml version="1.0" encoding="UTF-8"?><OAI-PMH xsi:schemaLocation="http://www.openarchives.org/OAI/2.0/ http://www.openarchives.org/OAI/2.0/OAI-PMH.xsd" xmlns="http://www.openarchives.org/OAI/2.0/" xmlns:xsi="http://www.w3.org/2001/XMLSchema-instance">
  <responseDate>2019-05-28T16:06:00Z</responseDate>
  <request verb="ListRecords" metadataPrefix="marc21" set="EDS:Set01" from="2017-01-01">https://na01.alma.exlibrisgroup.com/view/oai/01SSHELCO_MILLRSVL/request</request>
  <ListRecords>
    <record>
      <header>
        <identifier>MARC21-TO-INSTANCE-TEST-RECORDS</identifier>
        <datestamp>2019-06-01T12:06:39Z</datestamp>
        <setSpec>ID:Set01</setSpec>
      </header>
      <metadata>
        <record xmlns="http://www.loc.gov/MARC21/slim"
                xmlns:xsi="http://www.w3.org/2001/XMLSchema-instance"
                xsi:schemaLocation="http://www.loc.gov/MARC21/slim http://www.loc.gov/standards/marcxml/schema/MARC21slim.xsd" >
          <leader>02670cam  2200685 a 4500</leader>
          <controlfield tag="005">20181023131719.0</controlfield>
          <controlfield tag="008">091026s2010    nyu    d      000 1 eng  </controlfield>
          <controlfield tag="001">997626699103569</controlfield>
          <datafield tag="245" ind1="1" ind2="0">
            <subfield code="a">Instance of type 'text'</subfield>
          </datafield>
        </record>
      </metadata>
    </record>