

    <record>
      <header>
        <identifier>MARC21-TO-INSTANCE-TEST-RECORDS</identifier>
        <datestamp>2019-06-01T12:06:39Z</datestamp>
        <setSpec>ID:Set01</setSpec>
      </header>
      <metadata>
        <record xmlns="http://www.loc.gov/MARC21/slim" xmlns:xsi="http://www.w3.org/2001/XMLSchema-instance" xsi:schemaLocation="http://www.loc.gov/MARC21/slim http://www.loc.gov/standards/marcxml/schema/MARC21slim.xsd" >
          <leader>01914cam a2200493Ia 4500</leader>
          <datafield tag="010">
            <subfield code="a">LCCN-0123456789</subfield>
          </datafield>
          <datafield tag="020">
            <subfield code="a">ISBN-0123456789</subfield>
          </datafield>
          <datafield tag="022">
            <subfield code="a">ISSN-0123456789</subfield>
          </datafield>
          <datafield tag="024">
            <subfield code="a">OtherStdIdent-012</subfield>
          </datafield>
          <datafield tag="028">
            <subfield code="a">Publisher-012345</subfield>
          </datafield>
          <datafield tag="035">
            <subfield code="a">SystemCtrlNo-012345</subfield>
          </datafield>
          <datafield tag="074">
            <subfield code="a">GPO-ItemNo-012345</subfield>
          </datafield>


          <datafield tag="100">
            <subfield code="a">Author, Personal.</subfield>
            <subfield code="b">sub b</subfield>
            <subfield code="c">sub c</subfield>
            <subfield code="d">sub d</subfield>
            <subfield code="e">aut</subfield>
            <subfield code="f">sub f</subfield>
            <subfield code="g">sub g</subfield>
            <subfield code="j">sub j</subfield>
            <subfield code="k">sub k</subfield>
            <subfield code="l">sub l</subfield>
            <subfield code="n">sub n</subfield>
            <subfield code="p">sub p</subfield>
            <subfield code="q">sub q</subfield>
            <subfield code="t">sub t</subfield>
            <subfield code="u">sub u</subfield>
          </datafield>
          <datafield tag="110">
            <subfield code="a">Author, Corporate.</subfield>
            <subfield code="4">author</subfield>
          </datafield>
          <datafield tag="111">
            <subfield code="a">Illustrator, Meeting.</subfield>
            <subfield code="4">ill</subfield>
          </datafield>
          <datafield tag="245" ind1="1" ind2="0">
            <subfield code="a">Instance of type 'text'</subfield>
          </datafield>
        </record>
      </metadata>
    </record>

  </ListRecords>
</OAI-PMH>

